<?xml version="1.0" encoding="UTF-8"?><record xmlns="http://www.loc.gov/MARC21/slim" xmlns:cinclude="http://apache.org/cocoon/include/1.0" xmlns:zs="http://www.loc.gov/zing/srw/">
  <leader>02178cz  a2200301n  4500</leader>
  <controlfield tag="001">n  78009832 </controlfield>
  <controlfield tag="003">DLC</controlfield>
  <controlfield tag="005">20130319160029.0</controlfield>
  <controlfield tag="008">780315n| azannaab           |a ana      </controlfield>
  <datafield tag="010" ind1=" " ind2=" ">
    <subfield code="a">n  78009832 </subfield>
  </datafield>
  <datafield tag="035" ind1=" " ind2=" ">
    <subfield code="a">(OCoLC)oca00146333</subfield>
  </datafield>
  <datafield tag="040" ind1=" " ind2=" ">
    <subfield code="a">DLC</subfield>
    <subfield code="b">eng</subfield>
    <subfield code="e">rda</subfield>
    <subfield code="c">DLC</subfield>
    <subfield code="d">DLC</subfield>
    <subfield code="d">TxArU</subfield>
    <subfield code="d">DLC</subfield>
    <subfield code="d">DLC-S</subfield>
    <subfield code="d">DLC</subfield>
  </datafield>
  <datafield tag="110" ind1="2" ind2=" ">
    <subfield code="a">Texas Employment Commission.</subfield>
    <subfield code="b">Economic Research and Analysis Department</subfield>
  </datafield>
  <datafield tag="410" ind1="2" ind2=" ">
    <subfield code="a">Texas Employment Commission.</subfield>
    <subfield code="b">Economic Research &amp; Analysis Department</subfield>
  </datafield>
  <datafield tag="410" ind1="2" ind2=" ">
    <subfield code="a">Texas Employment Commission.</subfield>
    <subfield code="b">Economic Research and Analysis</subfield>
  </datafield>
  <datafield tag="410" ind1="2" ind2=" ">
    <subfield code="w">nnea</subfield>
    <subfield code="a">Texas Employment Commission.</subfield>
    <subfield code="b">Economic Research and Analysis Dept.</subfield>
  </datafield>
  <datafield tag="410" ind1="2" ind2=" ">
    <subfield code="a">Texas Employment Commission.</subfield>
    <subfield code="b">ERA Department</subfield>
  </datafield>
  <datafield tag="510" ind1="2" ind2=" ">
    <subfield code="w">a</subfield>
    <subfield code="a">Texas Employment Commission.</subfield>
    <subfield code="b">Manpower Data Analysis &amp; Research</subfield>
  </datafield>
  <datafield tag="510" ind1="2" ind2=" ">
    <subfield code="w">b</subfield>
    <subfield code="a">Texas Workforce Commission.</subfield>
    <subfield code="b">Economic Research and Analysis Department</subfield>
  </datafield>
  <datafield tag="510" ind1="2" ind2=" ">
    <subfield code="w">r</subfield>
    <subfield code="i">Hierarchical superior:</subfield>
    <subfield code="a">Texas Employment Commission</subfield>
  </datafield>
  <datafield tag="667" ind1=" " ind2=" ">
    <subfield code="a">Old catalog hdg.: Texas. Employment Commission. Economic Research and Analysis Dept.</subfield>
  </datafield>
  <datafield tag="670" ind1=" " ind2=" ">
    <subfield code="a">Its Texas occupational employment statistics, 1977:</subfield>
    <subfield code="b">t.p. (Texas Employment Commission, Economic Research and Analysis Department)</subfield>
  </datafield>
  <datafield tag="670" ind1=" " ind2=" ">
    <subfield code="a">Phone call to the Commission, 2/23/78</subfield>
    <subfield code="b">(Its Manpower Data Analysis &amp; Research (Department) changed name to Economic Research and Analysis Department, 1977)</subfield>
  </datafield>
  <datafield tag="670" ind1=" " ind2=" ">
    <subfield code="a">Texas opportunity employment statistics, 1983:</subfield>
    <subfield code="b">t.p. (Texas Employment Commission, Economic Research and Analysis)</subfield>
  </datafield>
  <datafield tag="670" ind1=" " ind2=" ">
    <subfield code="a">Phone call 10/11/83 to the Commission</subfield>
    <subfield code="b">(Economic Research and Analysis is a variant form of name for Texas Employment Commission, Economic Research and Analysis Department. No name change has taken place)</subfield>
  </datafield>
  <datafield tag="670" ind1=" " ind2=" ">
    <subfield code="a">City of Dallas SDA planning information, PY 1988:</subfield>
    <subfield code="b">t.p. (Texas Employment Commission, ERA Department)</subfield>
  </datafield>
  <datafield tag="670" ind1=" " ind2=" ">
    <subfield code="a">Openings &amp; wages by occupation, 1995:</subfield>
    <subfield code="b">t.p. (Texas Employment Commission, Research &amp; Analysis Department) cover (Economic Research and Analysis Department, Texas Employment Commission)</subfield>
  </datafield>
  <datafield tag="670" ind1=" " ind2=" ">
    <subfield code="a">Covered employment and wages by industry and county, 4th quarter 1995:</subfield>
    <subfield code="b">t.p. (Texas Workforce Commission, Economic Research and Analysis Department)</subfield>
  </datafield>
</record>